<record><leader>00000cas a22000007a 4500</leader><controlfield tag="001">23877177</controlfield><controlfield tag="008">910604c19369999ctubr ne      0   b0fre c</controlfield><datafield ind1=" " ind2=" " tag="010"><subfield code="a">sn 90000503 </subfield></datafield><datafield ind1=" " ind2=" " tag="040"><subfield code="a">NSD</subfield><subfield code="b">eng</subfield><subfield code="c">NSD</subfield><subfield code="d">NYDWH</subfield><subfield code="d">OCLCQ</subfield></datafield><datafield ind1="0" ind2=" " tag="022"><subfield code="a">1053-5217</subfield><subfield code="l">1053-5217</subfield><subfield code="2">1</subfield></datafield><datafield ind1=" " ind2=" " tag="042"><subfield code="a">nsdp</subfield><subfield code="a">pcc</subfield></datafield><datafield ind1="1" ind2="0" tag="082"><subfield code="a">071</subfield><subfield code="2">12</subfield></datafield><datafield ind1="0" ind2=" " tag="130"><subfield code="a">Bulletin (Hartford, Conn. : 1936?)</subfield></datafield><datafield ind1="0" ind2=" " tag="210"><subfield code="a">Bulletin</subfield><subfield code="b">(Hartford Conn.,?936)</subfield></datafield><datafield ind1=" " ind2="3" tag="222"><subfield code="a">Le Bulletin</subfield><subfield code="b">(Hartford, Conn.?936)</subfield></datafield><datafield ind1="1" ind2="3" tag="245"><subfield code="a">Le Bulletin.</subfield></datafield><datafield ind1=" " ind2=" " tag="260"><subfield code="a">[Hartford, Conn. :</subfield><subfield code="b">S.n.]</subfield></datafield><datafield ind1=" " ind2=" " tag="300"><subfield code="a">v.</subfield></datafield><datafield ind1=" " ind2=" " tag="310"><subfield code="a">Bimonthly</subfield></datafield><datafield ind1="1" ind2=" " tag="362"><subfield code="a">Began in 1936?</subfield></datafield><datafield ind1=" " ind2=" " tag="588"><subfield code="a">Description based on surrogate of: Vol. 8, no. 7 (dimanche, juin 13, 1943).</subfield></datafield><datafield ind1=" " ind2="7" tag="650"><subfield code="a">CURRENT EVENTS.</subfield><subfield code="2">unbist</subfield></datafield><datafield ind1=" " ind2="7" tag="650"><subfield code="a">NAURU.</subfield><subfield code="2">unbist</subfield></datafield><datafield ind1=" " ind2=" " tag="752"><subfield code="a">United States</subfield><subfield code="b">Connecticut</subfield><subfield code="c">Hartford</subfield><subfield code="d">Hartford.</subfield></datafield></record>